<mx:record xmlns="http://www.w3.org/TR/xhtml1/strict" xmlns:mx="http://www.loc.gov/MARC21/slim" xmlns:xsi="http://www.w3.org/2001/XMLSchema-instance"><mx:leader>00000cz   2200000n  4500</mx:leader><mx:controlfield tag="001">oca01086431 </mx:controlfield><mx:controlfield tag="005">19890920161658.1</mx:controlfield><mx:controlfield tag="008">840206n| acannaab|          |n aaa ||| b</mx:controlfield><mx:datafield ind1=" " ind2=" " tag="010"><mx:subfield code="a">n  83218012</mx:subfield></mx:datafield><mx:datafield ind1=" " ind2=" " tag="040"><mx:subfield code="a">DNLM</mx:subfield><mx:subfield code="c">DLC</mx:subfield><mx:subfield code="d">DLC</mx:subfield></mx:datafield><mx:datafield ind1="0" ind2=" " tag="100"><mx:subfield code="a">Marcellus,</mx:subfield><mx:subfield code="c">Empiricus.</mx:subfield></mx:datafield><mx:datafield ind1=" " ind2=" " tag="670"><mx:subfield code="a">His De medicamentis liber, 1889:</mx:subfield><mx:subfield code="b">t.p. (Marcelli ...)</mx:subfield></mx:datafield><mx:datafield ind1=" " ind2=" " tag="670"><mx:subfield code="a">NUC, pre-&amp;#039;56</mx:subfield><mx:subfield code="b">(Marcellus, Empiricus)</mx:subfield></mx:datafield><mx:datafield ind1=" " ind2=" " tag="670"><mx:subfield code="a">Brit. Mus. cat.</mx:subfield><mx:subfield code="b">(Marcellus, Empiricus)</mx:subfield></mx:datafield><mx:datafield ind1=" " ind2=" " tag="999"><mx:subfield code="a">994.1911</mx:subfield></mx:datafield></mx:record>